[
  {
    "month":"2015-01",
    "net_sales":157826834.3400000036,
    "units":1995413,
    "active_operators":4539,
    "gross_margin":50337869.9600000009
  },
  {
    "month":"2015-02",
    "net_sales":129851326.6899999976,
    "units":1636597,
    "active_operators":4241,
    "gross_margin":41280813.3100000024
  },
  {
    "month":"2015-03",
    "net_sales":154749997.8700000048,
    "units":1962937,
    "active_operators":4468,
    "gross_margin":49072760.3100000024
  },
  {
    "month":"2015-04",
    "net_sales":153977273.0,
    "units":1950088,
    "active_operators":4354,
    "gross_margin":48715839.8699999973
  },
  {
    "month":"2015-05",
    "net_sales":196065335.0500000119,
    "units":2504270,
    "active_operators":4585,
    "gross_margin":61703779.9200000018
  },
  {
    "month":"2015-06",
    "net_sales":173753184.6200000048,
    "units":2211702,
    "active_operators":4445,
    "gross_margin":54262376.9900000021
  },
  {
    "month":"2015-07",
    "net_sales":186036380.3799999952,
    "units":2385252,
    "active_operators":4472,
    "gross_margin":57775540.8900000006
  },
  {
    "month":"2015-08",
    "net_sales":223341168.9499999881,
    "units":2857483,
    "active_operators":4688,
    "gross_margin":69824559.7300000042
  },
  {
    "month":"2015-09",
    "net_sales":154931990.4399999976,
    "units":1970500,
    "active_operators":4362,
    "gross_margin":48817087.6599999964
  },
  {
    "month":"2015-10",
    "net_sales":221762168.1200000048,
    "units":2807732,
    "active_operators":4749,
    "gross_margin":69877516.3700000048
  },
  {
    "month":"2015-11",
    "net_sales":176748269.4300000072,
    "units":2268982,
    "active_operators":4410,
    "gross_margin":54794533.9099999964
  },
  {
    "month":"2015-12",
    "net_sales":183911128.9699999988,
    "units":2362191,
    "active_operators":4416,
    "gross_margin":56936189.2299999967
  },
  {
    "month":"2016-01",
    "net_sales":176624465.5500000119,
    "units":2236256,
    "active_operators":4702,
    "gross_margin":56299429.5300000012
  },
  {
    "month":"2016-02",
    "net_sales":140193126.2299999893,
    "units":1771983,
    "active_operators":4386,
    "gross_margin":44571061.6700000018
  },
  {
    "month":"2016-03",
    "net_sales":166013476.6200000048,
    "units":2103831,
    "active_operators":4543,
    "gross_margin":52602196.9600000009
  },
  {
    "month":"2016-04",
    "net_sales":201431823.2700000107,
    "units":2556701,
    "active_operators":4681,
    "gross_margin":63643180.4200000018
  },
  {
    "month":"2016-05",
    "net_sales":151493925.75,
    "units":1919849,
    "active_operators":4241,
    "gross_margin":47650523.2100000009
  },
  {
    "month":"2016-06",
    "net_sales":154414612.7100000083,
    "units":1978405,
    "active_operators":4163,
    "gross_margin":48200881.9200000018
  },
  {
    "month":"2016-07",
    "net_sales":241606553.9199999869,
    "units":3099179,
    "active_operators":4754,
    "gross_margin":74929382.1599999964
  },
  {
    "month":"2016-08",
    "net_sales":181965249.6999999881,
    "units":2321711,
    "active_operators":4471,
    "gross_margin":56913850.8100000024
  },
  {
    "month":"2016-09",
    "net_sales":159083993.4499999881,
    "units":2021433,
    "active_operators":4434,
    "gross_margin":50155838.4200000018
  },
  {
    "month":"2016-10",
    "net_sales":189068043.6800000072,
    "units":2398405,
    "active_operators":4554,
    "gross_margin":59668105.8999999985
  },
  {
    "month":"2016-11",
    "net_sales":175783724.2599999905,
    "units":2247155,
    "active_operators":4376,
    "gross_margin":54553095.0900000036
  },
  {
    "month":"2016-12",
    "net_sales":234739407.3799999952,
    "units":3025852,
    "active_operators":4626,
    "gross_margin":72474225.5799999982
  },
  {
    "month":"2017-01",
    "net_sales":150881471.8100000024,
    "units":1916564,
    "active_operators":4533,
    "gross_margin":47885511.7199999988
  },
  {
    "month":"2017-02",
    "net_sales":145797504.4499999881,
    "units":1843480,
    "active_operators":4409,
    "gross_margin":46174102.049999997
  },
  {
    "month":"2017-03",
    "net_sales":166817858.4399999976,
    "units":2117540,
    "active_operators":4552,
    "gross_margin":52757236.6199999973
  },
  {
    "month":"2017-04",
    "net_sales":191332688.5900000036,
    "units":2430222,
    "active_operators":4620,
    "gross_margin":60321288.4600000009
  },
  {
    "month":"2017-05",
    "net_sales":155027097.0699999928,
    "units":1976713,
    "active_operators":4232,
    "gross_margin":48485350.5900000036
  },
  {
    "month":"2017-06",
    "net_sales":152136266.1999999881,
    "units":1943011,
    "active_operators":4160,
    "gross_margin":47370545.1499999985
  },
  {
    "month":"2017-07",
    "net_sales":236191196.3700000048,
    "units":3020793,
    "active_operators":4687,
    "gross_margin":73021020.7600000054
  },
  {
    "month":"2017-08",
    "net_sales":164126995.9499999881,
    "units":2092485,
    "active_operators":4246,
    "gross_margin":50920183.5700000003
  },
  {
    "month":"2017-09",
    "net_sales":196661414.1200000048,
    "units":2499158,
    "active_operators":4618,
    "gross_margin":62108897.2400000021
  },
  {
    "month":"2017-10",
    "net_sales":165917540.8899999857,
    "units":2103726,
    "active_operators":4416,
    "gross_margin":52300008.0700000003
  },
  {
    "month":"2017-11",
    "net_sales":173973401.2899999917,
    "units":2235669,
    "active_operators":4276,
    "gross_margin":53846764.1700000018
  },
  {
    "month":"2017-12",
    "net_sales":226662976.2100000083,
    "units":2916062,
    "active_operators":4572,
    "gross_margin":69901445.9599999934
  },
  {
    "month":"2018-01",
    "net_sales":143704270.9399999976,
    "units":1814694,
    "active_operators":4348,
    "gross_margin":45612086.4900000021
  },
  {
    "month":"2018-02",
    "net_sales":154092456.1999999881,
    "units":1962285,
    "active_operators":4411,
    "gross_margin":48908640.3100000024
  },
  {
    "month":"2018-03",
    "net_sales":204913738.9900000095,
    "units":2610253,
    "active_operators":4672,
    "gross_margin":64704745.2599999979
  },
  {
    "month":"2018-04",
    "net_sales":153712246.0500000119,
    "units":1958717,
    "active_operators":4269,
    "gross_margin":47992220.1300000027
  },
  {
    "month":"2018-05",
    "net_sales":192530317.2800000012,
    "units":2466019,
    "active_operators":4508,
    "gross_margin":59885075.4099999964
  },
  {
    "month":"2018-06",
    "net_sales":223302262.3799999952,
    "units":2863503,
    "active_operators":4581,
    "gross_margin":69143778.1200000048
  },
  {
    "month":"2018-07",
    "net_sales":200484778.5099999905,
    "units":2569097,
    "active_operators":4460,
    "gross_margin":61876690.700000003
  },
  {
    "month":"2018-08",
    "net_sales":189448519.5399999917,
    "units":2427636,
    "active_operators":4418,
    "gross_margin":58513473.9200000018
  },
  {
    "month":"2018-09",
    "net_sales":180429981.8400000036,
    "units":2305939,
    "active_operators":4416,
    "gross_margin":56635446.1300000027
  },
  {
    "month":"2018-10",
    "net_sales":173785453.3100000024,
    "units":2219470,
    "active_operators":4425,
    "gross_margin":54394352.9099999964
  },
  {
    "month":"2018-11",
    "net_sales":209390492.6899999976,
    "units":2692149,
    "active_operators":4459,
    "gross_margin":64523141.6400000006
  },
  {
    "month":"2018-12",
    "net_sales":253233386.5699999928,
    "units":3266512,
    "active_operators":4640,
    "gross_margin":77566206.6200000048
  },
  {
    "month":"2019-01",
    "net_sales":128143507.3900000006,
    "units":1619511,
    "active_operators":4136,
    "gross_margin":40666816.9200000018
  },
  {
    "month":"2019-02",
    "net_sales":145021688.7100000083,
    "units":1843138,
    "active_operators":4198,
    "gross_margin":45677708.3699999973
  },
  {
    "month":"2019-03",
    "net_sales":205640465.599999994,
    "units":2631293,
    "active_operators":4649,
    "gross_margin":64274838.4099999964
  },
  {
    "month":"2019-04",
    "net_sales":168426660.1100000143,
    "units":2156561,
    "active_operators":4341,
    "gross_margin":52368974.299999997
  },
  {
    "month":"2019-05",
    "net_sales":211914496.150000006,
    "units":2717455,
    "active_operators":4650,
    "gross_margin":65419894.1400000006
  },
  {
    "month":"2019-06",
    "net_sales":222365847.1599999964,
    "units":2854915,
    "active_operators":4502,
    "gross_margin":68346667.5199999958
  },
  {
    "month":"2019-07",
    "net_sales":199006660.0399999917,
    "units":2567372,
    "active_operators":4417,
    "gross_margin":61011201.8699999973
  },
  {
    "month":"2019-08",
    "net_sales":233986862.150000006,
    "units":3005784,
    "active_operators":4585,
    "gross_margin":71986424.8199999928
  },
  {
    "month":"2019-09",
    "net_sales":165491270.2100000083,
    "units":2118845,
    "active_operators":4261,
    "gross_margin":51312170.7599999979
  },
  {
    "month":"2019-10",
    "net_sales":159268295.9199999869,
    "units":2034248,
    "active_operators":4225,
    "gross_margin":49452966.700000003
  },
  {
    "month":"2019-11",
    "net_sales":244959982.1599999964,
    "units":3147997,
    "active_operators":4611,
    "gross_margin":75300970.2600000054
  },
  {
    "month":"2019-12",
    "net_sales":200889967.1200000048,
    "units":2580793,
    "active_operators":4353,
    "gross_margin":61290940.0399999991
  },
  {
    "month":"2020-01",
    "net_sales":148428643.5300000012,
    "units":1882731,
    "active_operators":4245,
    "gross_margin":46691835.8999999985
  },
  {
    "month":"2020-02",
    "net_sales":227994330.0300000012,
    "units":2909059,
    "active_operators":4744,
    "gross_margin":71294282.6400000006
  },
  {
    "month":"2020-03",
    "net_sales":171676540.099999994,
    "units":2192877,
    "active_operators":4380,
    "gross_margin":53312726.5399999991
  },
  {
    "month":"2020-04",
    "net_sales":175450155.9900000095,
    "units":2249090,
    "active_operators":4332,
    "gross_margin":54241756.5
  },
  {
    "month":"2020-05",
    "net_sales":247543381.9499999881,
    "units":3187049,
    "active_operators":4697,
    "gross_margin":76091367.799999997
  },
  {
    "month":"2020-06",
    "net_sales":181277314.9399999976,
    "units":2330333,
    "active_operators":4224,
    "gross_margin":55423062.9699999988
  },
  {
    "month":"2020-07",
    "net_sales":213322745.1999999881,
    "units":2741589,
    "active_operators":4398,
    "gross_margin":65045429.4299999997
  },
  {
    "month":"2020-08",
    "net_sales":277139490.3199999928,
    "units":3565769,
    "active_operators":4731,
    "gross_margin":85029590.6899999976
  },
  {
    "month":"2020-09",
    "net_sales":191006306.5200000107,
    "units":2458805,
    "active_operators":4419,
    "gross_margin":58847721.4699999988
  },
  {
    "month":"2020-10",
    "net_sales":251090854.9300000072,
    "units":3226489,
    "active_operators":4713,
    "gross_margin":77070176.5199999958
  },
  {
    "month":"2020-11",
    "net_sales":169994602.2599999905,
    "units":2189929,
    "active_operators":4011,
    "gross_margin":51903038.0099999979
  },
  {
    "month":"2020-12",
    "net_sales":200731120.650000006,
    "units":2590991,
    "active_operators":4188,
    "gross_margin":61050210.4099999964
  },
  {
    "month":"2021-01",
    "net_sales":120918633.9599999934,
    "units":1528271,
    "active_operators":4511,
    "gross_margin":39082116.2100000009
  },
  {
    "month":"2021-02",
    "net_sales":103420133.2300000042,
    "units":1305585,
    "active_operators":4318,
    "gross_margin":33286059.5799999982
  },
  {
    "month":"2021-03",
    "net_sales":123282404.8299999982,
    "units":1559662,
    "active_operators":4456,
    "gross_margin":39531850.1300000027
  },
  {
    "month":"2021-04",
    "net_sales":122356273.299999997,
    "units":1547133,
    "active_operators":4404,
    "gross_margin":39209329.0099999979
  },
  {
    "month":"2021-05",
    "net_sales":141863129.25,
    "units":1793248,
    "active_operators":4502,
    "gross_margin":45292897.9299999997
  },
  {
    "month":"2021-06",
    "net_sales":145486869.5399999917,
    "units":1843099,
    "active_operators":4520,
    "gross_margin":46277208.5
  },
  {
    "month":"2021-07",
    "net_sales":166708193.6299999952,
    "units":2105585,
    "active_operators":4601,
    "gross_margin":53074495.2800000012
  },
  {
    "month":"2021-08",
    "net_sales":126857195.849999994,
    "units":1604522,
    "active_operators":4370,
    "gross_margin":40422074.8100000024
  },
  {
    "month":"2021-09",
    "net_sales":108139332.4599999934,
    "units":1368472,
    "active_operators":4205,
    "gross_margin":34641476.2400000021
  },
  {
    "month":"2021-10",
    "net_sales":153263041.2599999905,
    "units":1931439,
    "active_operators":4675,
    "gross_margin":49085554.1000000015
  },
  {
    "month":"2021-11",
    "net_sales":152143237.400000006,
    "units":1923628,
    "active_operators":4512,
    "gross_margin":48471429.4699999988
  },
  {
    "month":"2021-12",
    "net_sales":143223843.6699999869,
    "units":1816950,
    "active_operators":4387,
    "gross_margin":45600606.0600000024
  },
  {
    "month":"2022-01",
    "net_sales":106889145.0400000066,
    "units":1336040,
    "active_operators":4610,
    "gross_margin":34989056.200000003
  },
  {
    "month":"2022-02",
    "net_sales":88205279.7600000054,
    "units":1100243,
    "active_operators":4323,
    "gross_margin":28794883.8900000006
  },
  {
    "month":"2022-03",
    "net_sales":98257645.9099999964,
    "units":1228450,
    "active_operators":4429,
    "gross_margin":31909730.8500000015
  },
  {
    "month":"2022-04",
    "net_sales":124515550.5,
    "units":1566274,
    "active_operators":4639,
    "gross_margin":40306852.2199999988
  },
  {
    "month":"2022-05",
    "net_sales":95246976.799999997,
    "units":1198609,
    "active_operators":4166,
    "gross_margin":30602291.4699999988
  },
  {
    "month":"2022-06",
    "net_sales":113802250.1200000048,
    "units":1434764,
    "active_operators":4396,
    "gross_margin":36632769.0900000036
  },
  {
    "month":"2022-07",
    "net_sales":144459480.9300000072,
    "units":1820241,
    "active_operators":4629,
    "gross_margin":46326787.950000003
  },
  {
    "month":"2022-08",
    "net_sales":117417634.7800000012,
    "units":1473734,
    "active_operators":4456,
    "gross_margin":37793678.6400000006
  },
  {
    "month":"2022-09",
    "net_sales":102993319.349999994,
    "units":1289555,
    "active_operators":4371,
    "gross_margin":33263641.120000001
  },
  {
    "month":"2022-10",
    "net_sales":105393306.7099999934,
    "units":1323386,
    "active_operators":4365,
    "gross_margin":34114375.700000003
  },
  {
    "month":"2022-11",
    "net_sales":133425171.2600000054,
    "units":1682816,
    "active_operators":4575,
    "gross_margin":42865421.9200000018
  },
  {
    "month":"2022-12",
    "net_sales":141894312.4799999893,
    "units":1794203,
    "active_operators":4543,
    "gross_margin":45378299.2199999988
  },
  {
    "month":"2023-01",
    "net_sales":93103373.5699999928,
    "units":1163622,
    "active_operators":4353,
    "gross_margin":30295112.9899999984
  },
  {
    "month":"2023-02",
    "net_sales":103782167.0600000024,
    "units":1303664,
    "active_operators":4414,
    "gross_margin":33562612.049999997
  },
  {
    "month":"2023-03",
    "net_sales":98542685.9200000018,
    "units":1240540,
    "active_operators":4235,
    "gross_margin":31754386.1900000013
  },
  {
    "month":"2023-04",
    "net_sales":128414760.650000006,
    "units":1619980,
    "active_operators":4504,
    "gross_margin":41255596.75
  },
  {
    "month":"2023-05",
    "net_sales":110657150.8900000006,
    "units":1393764,
    "active_operators":4288,
    "gross_margin":35556390.7599999979
  },
  {
    "month":"2023-06",
    "net_sales":100807909.2399999946,
    "units":1271350,
    "active_operators":3979,
    "gross_margin":32170928.4400000013
  },
  {
    "month":"2023-07",
    "net_sales":144550027.4600000083,
    "units":1833675,
    "active_operators":4481,
    "gross_margin":46142594.3200000003
  },
  {
    "month":"2023-08",
    "net_sales":100852133.2300000042,
    "units":1274901,
    "active_operators":4001,
    "gross_margin":32220284.4499999993
  },
  {
    "month":"2023-09",
    "net_sales":142896776.849999994,
    "units":1801094,
    "active_operators":4673,
    "gross_margin":45861253.3599999994
  },
  {
    "month":"2023-10",
    "net_sales":123784788.3599999994,
    "units":1553256,
    "active_operators":4553,
    "gross_margin":39779072.4399999976
  },
  {
    "month":"2023-11",
    "net_sales":124439568.6200000048,
    "units":1573995,
    "active_operators":4325,
    "gross_margin":39687545.6799999997
  },
  {
    "month":"2023-12",
    "net_sales":168426559.650000006,
    "units":2128192,
    "active_operators":4633,
    "gross_margin":53574006.4600000009
  },
  {
    "month":"2024-01",
    "net_sales":103860518.1099999994,
    "units":1305422,
    "active_operators":4429,
    "gross_margin":33604307.0300000012
  },
  {
    "month":"2024-02",
    "net_sales":111369652.6200000048,
    "units":1400554,
    "active_operators":4399,
    "gross_margin":35811308.049999997
  },
  {
    "month":"2024-03",
    "net_sales":151934509.7400000095,
    "units":1911246,
    "active_operators":4690,
    "gross_margin":48691625.1799999997
  },
  {
    "month":"2024-04",
    "net_sales":131900919.0600000024,
    "units":1662147,
    "active_operators":4521,
    "gross_margin":42105923.5900000036
  },
  {
    "month":"2024-05",
    "net_sales":138721864.7599999905,
    "units":1753765,
    "active_operators":4503,
    "gross_margin":44294590.9399999976
  },
  {
    "month":"2024-06",
    "net_sales":161358133.9499999881,
    "units":2039605,
    "active_operators":4572,
    "gross_margin":51513097.1899999976
  },
  {
    "month":"2024-07",
    "net_sales":159243264.6399999857,
    "units":2017598,
    "active_operators":4589,
    "gross_margin":50697446.4799999967
  },
  {
    "month":"2024-08",
    "net_sales":144910061.4499999881,
    "units":1832164,
    "active_operators":4470,
    "gross_margin":46247301.4799999967
  },
  {
    "month":"2024-09",
    "net_sales":111962542.0600000024,
    "units":1413765,
    "active_operators":4245,
    "gross_margin":35719284.0900000036
  },
  {
    "month":"2024-10",
    "net_sales":112136069.0600000024,
    "units":1418503,
    "active_operators":4283,
    "gross_margin":35913554.8100000024
  },
  {
    "month":"2024-11",
    "net_sales":148303229.5800000131,
    "units":1875216,
    "active_operators":4428,
    "gross_margin":47257096.950000003
  },
  {
    "month":"2024-12",
    "net_sales":145499504.6399999857,
    "units":1840059,
    "active_operators":4379,
    "gross_margin":46077408.0900000036
  },
  {
    "month":"2025-01",
    "net_sales":105100837.0799999982,
    "units":1324721,
    "active_operators":4303,
    "gross_margin":33888110.8200000003
  },
  {
    "month":"2025-02",
    "net_sales":118511715.1099999994,
    "units":1494574,
    "active_operators":4441,
    "gross_margin":37859035.9799999967
  },
  {
    "month":"2025-03",
    "net_sales":140130237.5399999917,
    "units":1770046,
    "active_operators":4525,
    "gross_margin":44817993.4699999988
  },
  {
    "month":"2025-04",
    "net_sales":109074542.7199999988,
    "units":1375464,
    "active_operators":4073,
    "gross_margin":34778762.0600000024
  },
  {
    "month":"2025-05",
    "net_sales":154620728.3600000143,
    "units":1953096,
    "active_operators":4528,
    "gross_margin":49166201.8800000027
  },
  {
    "month":"2025-06",
    "net_sales":141846524.6699999869,
    "units":1803089,
    "active_operators":4351,
    "gross_margin":45014949.7299999967
  },
  {
    "month":"2025-07",
    "net_sales":152101770.8100000024,
    "units":1923592,
    "active_operators":4453,
    "gross_margin":48311628.8500000015
  },
  {
    "month":"2025-08",
    "net_sales":176117914.1200000048,
    "units":2228812,
    "active_operators":4640,
    "gross_margin":55861522.8699999973
  },
  {
    "month":"2025-09",
    "net_sales":119401153.1099999994,
    "units":1507886,
    "active_operators":4230,
    "gross_margin":38002000.450000003
  },
  {
    "month":"2025-10",
    "net_sales":127134307.9599999934,
    "units":1607062,
    "active_operators":4357,
    "gross_margin":40501940.8100000024
  },
  {
    "month":"2025-11",
    "net_sales":162884476.5800000131,
    "units":2060962,
    "active_operators":4509,
    "gross_margin":51823136.1199999973
  },
  {
    "month":"2025-12",
    "net_sales":146137829.3899999857,
    "units":1856641,
    "active_operators":4326,
    "gross_margin":46203856.6599999964
  }
]