[
  {
    "month":"2015-01",
    "net_sales":157826834.3400000036,
    "gross_sales":167347648.0699999928,
    "returns":254431.19,
    "quantity":1995413,
    "active_operators":4539,
    "active_distributors":13,
    "products_sold":87
  },
  {
    "month":"2015-02",
    "net_sales":129851326.6899999976,
    "gross_sales":137800742.2899999917,
    "returns":197019.29,
    "quantity":1636597,
    "active_operators":4241,
    "active_distributors":13,
    "products_sold":87
  },
  {
    "month":"2015-03",
    "net_sales":154749997.8700000048,
    "gross_sales":164492647.5,
    "returns":245066.03,
    "quantity":1962937,
    "active_operators":4468,
    "active_distributors":13,
    "products_sold":87
  },
  {
    "month":"2015-04",
    "net_sales":153977273.0,
    "gross_sales":163962609.8600000143,
    "returns":246712.62,
    "quantity":1950088,
    "active_operators":4354,
    "active_distributors":13,
    "products_sold":87
  },
  {
    "month":"2015-05",
    "net_sales":196065335.0500000119,
    "gross_sales":209351373.8000000119,
    "returns":306900.93,
    "quantity":2504270,
    "active_operators":4585,
    "active_distributors":13,
    "products_sold":87
  },
  {
    "month":"2015-06",
    "net_sales":173753184.6200000048,
    "gross_sales":186016445.1800000072,
    "returns":277758.81,
    "quantity":2211702,
    "active_operators":4445,
    "active_distributors":13,
    "products_sold":87
  },
  {
    "month":"2015-07",
    "net_sales":186036380.3799999952,
    "gross_sales":199667450.5200000107,
    "returns":302101.58,
    "quantity":2385252,
    "active_operators":4472,
    "active_distributors":13,
    "products_sold":87
  },
  {
    "month":"2015-08",
    "net_sales":223341168.9499999881,
    "gross_sales":238963602.5200000107,
    "returns":354241.64,
    "quantity":2857483,
    "active_operators":4688,
    "active_distributors":13,
    "products_sold":87
  },
  {
    "month":"2015-09",
    "net_sales":154931990.4399999976,
    "gross_sales":165067529.8799999952,
    "returns":244899.57,
    "quantity":1970500,
    "active_operators":4362,
    "active_distributors":13,
    "products_sold":87
  },
  {
    "month":"2015-10",
    "net_sales":221762168.1200000048,
    "gross_sales":236404771.0300000012,
    "returns":346279.99,
    "quantity":2807732,
    "active_operators":4749,
    "active_distributors":13,
    "products_sold":87
  },
  {
    "month":"2015-11",
    "net_sales":176748269.4300000072,
    "gross_sales":189636273.6800000072,
    "returns":290060.46,
    "quantity":2268982,
    "active_operators":4410,
    "active_distributors":13,
    "products_sold":87
  },
  {
    "month":"2015-12",
    "net_sales":183911128.9699999988,
    "gross_sales":197793715.3400000036,
    "returns":293775.47,
    "quantity":2362191,
    "active_operators":4416,
    "active_distributors":13,
    "products_sold":87
  },
  {
    "month":"2016-01",
    "net_sales":176624465.5500000119,
    "gross_sales":187425749.5800000131,
    "returns":281014.55,
    "quantity":2236256,
    "active_operators":4702,
    "active_distributors":13,
    "products_sold":87
  },
  {
    "month":"2016-02",
    "net_sales":140193126.2299999893,
    "gross_sales":148908940.8300000131,
    "returns":221569.52,
    "quantity":1771983,
    "active_operators":4386,
    "active_distributors":13,
    "products_sold":87
  },
  {
    "month":"2016-03",
    "net_sales":166013476.6200000048,
    "gross_sales":176476892.7299999893,
    "returns":258813.49,
    "quantity":2103831,
    "active_operators":4543,
    "active_distributors":13,
    "products_sold":87
  },
  {
    "month":"2016-04",
    "net_sales":201431823.2700000107,
    "gross_sales":214504186.0300000012,
    "returns":323499.25,
    "quantity":2556701,
    "active_operators":4681,
    "active_distributors":13,
    "products_sold":87
  },
  {
    "month":"2016-05",
    "net_sales":151493925.75,
    "gross_sales":161708527.8899999857,
    "returns":240543.56,
    "quantity":1919849,
    "active_operators":4241,
    "active_distributors":13,
    "products_sold":87
  },
  {
    "month":"2016-06",
    "net_sales":154414612.7100000083,
    "gross_sales":165253105.3600000143,
    "returns":251107.89,
    "quantity":1978405,
    "active_operators":4163,
    "active_distributors":13,
    "products_sold":87
  },
  {
    "month":"2016-07",
    "net_sales":241606553.9199999869,
    "gross_sales":259362662.8000000119,
    "returns":395712.2,
    "quantity":3099179,
    "active_operators":4754,
    "active_distributors":13,
    "products_sold":87
  },
  {
    "month":"2016-08",
    "net_sales":181965249.6999999881,
    "gross_sales":194853249.8100000024,
    "returns":291683.42,
    "quantity":2321711,
    "active_operators":4471,
    "active_distributors":13,
    "products_sold":87
  },
  {
    "month":"2016-09",
    "net_sales":159083993.4499999881,
    "gross_sales":169462195.1299999952,
    "returns":250322.88,
    "quantity":2021433,
    "active_operators":4434,
    "active_distributors":13,
    "products_sold":87
  },
  {
    "month":"2016-10",
    "net_sales":189068043.6800000072,
    "gross_sales":201405061.1200000048,
    "returns":308341.32,
    "quantity":2398405,
    "active_operators":4554,
    "active_distributors":13,
    "products_sold":87
  },
  {
    "month":"2016-11",
    "net_sales":175783724.2599999905,
    "gross_sales":188693509.9600000083,
    "returns":284835.29,
    "quantity":2247155,
    "active_operators":4376,
    "active_distributors":13,
    "products_sold":87
  },
  {
    "month":"2016-12",
    "net_sales":234739407.3799999952,
    "gross_sales":252616387.0699999928,
    "returns":387882.67,
    "quantity":3025852,
    "active_operators":4626,
    "active_distributors":13,
    "products_sold":87
  },
  {
    "month":"2017-01",
    "net_sales":150881471.8100000024,
    "gross_sales":160142439.5900000036,
    "returns":231926.91,
    "quantity":1916564,
    "active_operators":4533,
    "active_distributors":13,
    "products_sold":87
  },
  {
    "month":"2017-02",
    "net_sales":145797504.4499999881,
    "gross_sales":154959833.5200000107,
    "returns":230698.93,
    "quantity":1843480,
    "active_operators":4409,
    "active_distributors":13,
    "products_sold":87
  },
  {
    "month":"2017-03",
    "net_sales":166817858.4399999976,
    "gross_sales":177460759.3899999857,
    "returns":274084.7,
    "quantity":2117540,
    "active_operators":4552,
    "active_distributors":13,
    "products_sold":87
  },
  {
    "month":"2017-04",
    "net_sales":191332688.5900000036,
    "gross_sales":204034787.0800000131,
    "returns":313868.02,
    "quantity":2430222,
    "active_operators":4620,
    "active_distributors":13,
    "products_sold":87
  },
  {
    "month":"2017-05",
    "net_sales":155027097.0699999928,
    "gross_sales":165922775.5099999905,
    "returns":251558.09,
    "quantity":1976713,
    "active_operators":4232,
    "active_distributors":13,
    "products_sold":87
  },
  {
    "month":"2017-06",
    "net_sales":152136266.1999999881,
    "gross_sales":163147123.2199999988,
    "returns":237602.4,
    "quantity":1943011,
    "active_operators":4160,
    "active_distributors":13,
    "products_sold":87
  },
  {
    "month":"2017-07",
    "net_sales":236191196.3700000048,
    "gross_sales":253792279.5300000012,
    "returns":367844.79,
    "quantity":3020793,
    "active_operators":4687,
    "active_distributors":13,
    "products_sold":87
  },
  {
    "month":"2017-08",
    "net_sales":164126995.9499999881,
    "gross_sales":176077866.0300000012,
    "returns":261045.14,
    "quantity":2092485,
    "active_operators":4246,
    "active_distributors":13,
    "products_sold":87
  },
  {
    "month":"2017-09",
    "net_sales":196661414.1200000048,
    "gross_sales":209639261.4699999988,
    "returns":320003.88,
    "quantity":2499158,
    "active_operators":4618,
    "active_distributors":13,
    "products_sold":87
  },
  {
    "month":"2017-10",
    "net_sales":165917540.8899999857,
    "gross_sales":176916212.2700000107,
    "returns":266057.15,
    "quantity":2103726,
    "active_operators":4416,
    "active_distributors":13,
    "products_sold":87
  },
  {
    "month":"2017-11",
    "net_sales":173973401.2899999917,
    "gross_sales":187059680.0399999917,
    "returns":273324.33,
    "quantity":2235669,
    "active_operators":4276,
    "active_distributors":13,
    "products_sold":87
  },
  {
    "month":"2017-12",
    "net_sales":226662976.2100000083,
    "gross_sales":244106614.5200000107,
    "returns":370276.38,
    "quantity":2916062,
    "active_operators":4572,
    "active_distributors":13,
    "products_sold":87
  },
  {
    "month":"2018-01",
    "net_sales":143704270.9399999976,
    "gross_sales":152745327.3400000036,
    "returns":225710.59,
    "quantity":1814694,
    "active_operators":4348,
    "active_distributors":13,
    "products_sold":87
  },
  {
    "month":"2018-02",
    "net_sales":154092456.1999999881,
    "gross_sales":163807734.1699999869,
    "returns":249852.6,
    "quantity":1962285,
    "active_operators":4411,
    "active_distributors":13,
    "products_sold":87
  },
  {
    "month":"2018-03",
    "net_sales":204913738.9900000095,
    "gross_sales":218374791.7199999988,
    "returns":315570.72,
    "quantity":2610253,
    "active_operators":4672,
    "active_distributors":13,
    "products_sold":87
  },
  {
    "month":"2018-04",
    "net_sales":153712246.0500000119,
    "gross_sales":164560895.3799999952,
    "returns":251334.86,
    "quantity":1958717,
    "active_operators":4269,
    "active_distributors":13,
    "products_sold":87
  },
  {
    "month":"2018-05",
    "net_sales":192530317.2800000012,
    "gross_sales":206510826.7599999905,
    "returns":307888.6,
    "quantity":2466019,
    "active_operators":4508,
    "active_distributors":13,
    "products_sold":87
  },
  {
    "month":"2018-06",
    "net_sales":223302262.3799999952,
    "gross_sales":240211956.3700000048,
    "returns":374101.78,
    "quantity":2863503,
    "active_operators":4581,
    "active_distributors":13,
    "products_sold":87
  },
  {
    "month":"2018-07",
    "net_sales":200484778.5099999905,
    "gross_sales":215898107.0200000107,
    "returns":330960.81,
    "quantity":2569097,
    "active_operators":4460,
    "active_distributors":13,
    "products_sold":87
  },
  {
    "month":"2018-08",
    "net_sales":189448519.5399999917,
    "gross_sales":203834892.9300000072,
    "returns":298507.22,
    "quantity":2427636,
    "active_operators":4418,
    "active_distributors":13,
    "products_sold":87
  },
  {
    "month":"2018-09",
    "net_sales":180429981.8400000036,
    "gross_sales":192857039.8600000143,
    "returns":279993.67,
    "quantity":2305939,
    "active_operators":4416,
    "active_distributors":13,
    "products_sold":87
  },
  {
    "month":"2018-10",
    "net_sales":173785453.3100000024,
    "gross_sales":185889314.6200000048,
    "returns":274345.93,
    "quantity":2219470,
    "active_operators":4425,
    "active_distributors":13,
    "products_sold":87
  },
  {
    "month":"2018-11",
    "net_sales":209390492.6899999976,
    "gross_sales":225766639.099999994,
    "returns":342478.2,
    "quantity":2692149,
    "active_operators":4459,
    "active_distributors":13,
    "products_sold":87
  },
  {
    "month":"2018-12",
    "net_sales":253233386.5699999928,
    "gross_sales":273248883.3600000143,
    "returns":423488.14,
    "quantity":3266512,
    "active_operators":4640,
    "active_distributors":13,
    "products_sold":87
  },
  {
    "month":"2019-01",
    "net_sales":128143507.3900000006,
    "gross_sales":136179654.349999994,
    "returns":201225.97,
    "quantity":1619511,
    "active_operators":4136,
    "active_distributors":13,
    "products_sold":87
  },
  {
    "month":"2019-02",
    "net_sales":145021688.7100000083,
    "gross_sales":154564884.150000006,
    "returns":233609.98,
    "quantity":1843138,
    "active_operators":4198,
    "active_distributors":13,
    "products_sold":87
  },
  {
    "month":"2019-03",
    "net_sales":205640465.599999994,
    "gross_sales":219954893.7899999917,
    "returns":334008.44,
    "quantity":2631293,
    "active_operators":4649,
    "active_distributors":13,
    "products_sold":87
  },
  {
    "month":"2019-04",
    "net_sales":168426660.1100000143,
    "gross_sales":180621262.4099999964,
    "returns":270174.46,
    "quantity":2156561,
    "active_operators":4341,
    "active_distributors":13,
    "products_sold":87
  },
  {
    "month":"2019-05",
    "net_sales":211914496.150000006,
    "gross_sales":227937376.5500000119,
    "returns":337595.31,
    "quantity":2717455,
    "active_operators":4650,
    "active_distributors":13,
    "products_sold":87
  },
  {
    "month":"2019-06",
    "net_sales":222365847.1599999964,
    "gross_sales":239540942.3700000048,
    "returns":350656.26,
    "quantity":2854915,
    "active_operators":4502,
    "active_distributors":13,
    "products_sold":87
  },
  {
    "month":"2019-07",
    "net_sales":199006660.0399999917,
    "gross_sales":214769106.4600000083,
    "returns":322533.04,
    "quantity":2567372,
    "active_operators":4417,
    "active_distributors":13,
    "products_sold":87
  },
  {
    "month":"2019-08",
    "net_sales":233986862.150000006,
    "gross_sales":252064648.8000000119,
    "returns":377021.56,
    "quantity":3005784,
    "active_operators":4585,
    "active_distributors":13,
    "products_sold":87
  },
  {
    "month":"2019-09",
    "net_sales":165491270.2100000083,
    "gross_sales":177510156.9900000095,
    "returns":265194.87,
    "quantity":2118845,
    "active_operators":4261,
    "active_distributors":13,
    "products_sold":87
  },
  {
    "month":"2019-10",
    "net_sales":159268295.9199999869,
    "gross_sales":170793326.9600000083,
    "returns":253814.84,
    "quantity":2034248,
    "active_operators":4225,
    "active_distributors":13,
    "products_sold":87
  },
  {
    "month":"2019-11",
    "net_sales":244959982.1599999964,
    "gross_sales":264427147.9900000095,
    "returns":394464.0,
    "quantity":3147997,
    "active_operators":4611,
    "active_distributors":13,
    "products_sold":87
  },
  {
    "month":"2019-12",
    "net_sales":200889967.1200000048,
    "gross_sales":217245026.2199999988,
    "returns":339009.81,
    "quantity":2580793,
    "active_operators":4353,
    "active_distributors":13,
    "products_sold":87
  },
  {
    "month":"2020-01",
    "net_sales":148428643.5300000012,
    "gross_sales":158200076.2400000095,
    "returns":240428.01,
    "quantity":1882731,
    "active_operators":4245,
    "active_distributors":13,
    "products_sold":87
  },
  {
    "month":"2020-02",
    "net_sales":227994330.0300000012,
    "gross_sales":243759899.8899999857,
    "returns":357069.08,
    "quantity":2909059,
    "active_operators":4744,
    "active_distributors":13,
    "products_sold":87
  },
  {
    "month":"2020-03",
    "net_sales":171676540.099999994,
    "gross_sales":184229041.6899999976,
    "returns":286022.9,
    "quantity":2192877,
    "active_operators":4380,
    "active_distributors":13,
    "products_sold":87
  },
  {
    "month":"2020-04",
    "net_sales":175450155.9900000095,
    "gross_sales":188724211.1800000072,
    "returns":284008.27,
    "quantity":2249090,
    "active_operators":4332,
    "active_distributors":13,
    "products_sold":87
  },
  {
    "month":"2020-05",
    "net_sales":247543381.9499999881,
    "gross_sales":267012327.0800000131,
    "returns":407537.31,
    "quantity":3187049,
    "active_operators":4697,
    "active_distributors":13,
    "products_sold":87
  },
  {
    "month":"2020-06",
    "net_sales":181277314.9399999976,
    "gross_sales":195643775.849999994,
    "returns":294724.99,
    "quantity":2330333,
    "active_operators":4224,
    "active_distributors":13,
    "products_sold":87
  },
  {
    "month":"2020-07",
    "net_sales":213322745.1999999881,
    "gross_sales":230841585.1599999964,
    "returns":358401.8,
    "quantity":2741589,
    "active_operators":4398,
    "active_distributors":13,
    "products_sold":87
  },
  {
    "month":"2020-08",
    "net_sales":277139490.3199999928,
    "gross_sales":299144203.5600000024,
    "returns":447234.76,
    "quantity":3565769,
    "active_operators":4731,
    "active_distributors":13,
    "products_sold":87
  },
  {
    "month":"2020-09",
    "net_sales":191006306.5200000107,
    "gross_sales":205763623.150000006,
    "returns":318017.27,
    "quantity":2458805,
    "active_operators":4419,
    "active_distributors":13,
    "products_sold":87
  },
  {
    "month":"2020-10",
    "net_sales":251090854.9300000072,
    "gross_sales":270423822.2300000191,
    "returns":401774.85,
    "quantity":3226489,
    "active_operators":4713,
    "active_distributors":13,
    "products_sold":87
  },
  {
    "month":"2020-11",
    "net_sales":169994602.2599999905,
    "gross_sales":183849503.5,
    "returns":284268.72,
    "quantity":2189929,
    "active_operators":4011,
    "active_distributors":13,
    "products_sold":87
  },
  {
    "month":"2020-12",
    "net_sales":200731120.650000006,
    "gross_sales":217685798.2299999893,
    "returns":323666.31,
    "quantity":2590991,
    "active_operators":4188,
    "active_distributors":13,
    "products_sold":87
  },
  {
    "month":"2021-01",
    "net_sales":120918633.9599999934,
    "gross_sales":127463765.5600000024,
    "returns":181258.52,
    "quantity":1528271,
    "active_operators":4511,
    "active_distributors":13,
    "products_sold":87
  },
  {
    "month":"2021-02",
    "net_sales":103420133.2300000042,
    "gross_sales":109138966.7699999958,
    "returns":171443.59,
    "quantity":1305585,
    "active_operators":4318,
    "active_distributors":13,
    "products_sold":87
  },
  {
    "month":"2021-03",
    "net_sales":123282404.8299999982,
    "gross_sales":130399613.049999997,
    "returns":199106.0,
    "quantity":1559662,
    "active_operators":4456,
    "active_distributors":13,
    "products_sold":87
  },
  {
    "month":"2021-04",
    "net_sales":122356273.299999997,
    "gross_sales":129533690.3400000036,
    "returns":203168.2,
    "quantity":1547133,
    "active_operators":4404,
    "active_distributors":13,
    "products_sold":87
  },
  {
    "month":"2021-05",
    "net_sales":141863129.25,
    "gross_sales":150334815.5800000131,
    "returns":227193.86,
    "quantity":1793248,
    "active_operators":4502,
    "active_distributors":13,
    "products_sold":87
  },
  {
    "month":"2021-06",
    "net_sales":145486869.5399999917,
    "gross_sales":154338722.6399999857,
    "returns":231099.84,
    "quantity":1843099,
    "active_operators":4520,
    "active_distributors":13,
    "products_sold":87
  },
  {
    "month":"2021-07",
    "net_sales":166708193.6299999952,
    "gross_sales":176793376.9499999881,
    "returns":266662.37,
    "quantity":2105585,
    "active_operators":4601,
    "active_distributors":13,
    "products_sold":87
  },
  {
    "month":"2021-08",
    "net_sales":126857195.849999994,
    "gross_sales":134530818.2800000012,
    "returns":202698.51,
    "quantity":1604522,
    "active_operators":4370,
    "active_distributors":13,
    "products_sold":87
  },
  {
    "month":"2021-09",
    "net_sales":108139332.4599999934,
    "gross_sales":114397130.1800000072,
    "returns":168749.61,
    "quantity":1368472,
    "active_operators":4205,
    "active_distributors":13,
    "products_sold":87
  },
  {
    "month":"2021-10",
    "net_sales":153263041.2599999905,
    "gross_sales":162250912.9099999964,
    "returns":242394.92,
    "quantity":1931439,
    "active_operators":4675,
    "active_distributors":13,
    "products_sold":87
  },
  {
    "month":"2021-11",
    "net_sales":152143237.400000006,
    "gross_sales":161641973.5399999917,
    "returns":239571.66,
    "quantity":1923628,
    "active_operators":4512,
    "active_distributors":13,
    "products_sold":87
  },
  {
    "month":"2021-12",
    "net_sales":143223843.6699999869,
    "gross_sales":152027359.1899999976,
    "returns":230395.58,
    "quantity":1816950,
    "active_operators":4387,
    "active_distributors":13,
    "products_sold":87
  },
  {
    "month":"2022-01",
    "net_sales":106889145.0400000066,
    "gross_sales":111869724.3100000024,
    "returns":165377.41,
    "quantity":1336040,
    "active_operators":4610,
    "active_distributors":13,
    "products_sold":87
  },
  {
    "month":"2022-02",
    "net_sales":88205279.7600000054,
    "gross_sales":92447646.7600000054,
    "returns":143622.28,
    "quantity":1100243,
    "active_operators":4323,
    "active_distributors":13,
    "products_sold":87
  },
  {
    "month":"2022-03",
    "net_sales":98257645.9099999964,
    "gross_sales":103253319.2800000012,
    "returns":156056.03,
    "quantity":1228450,
    "active_operators":4429,
    "active_distributors":13,
    "products_sold":87
  },
  {
    "month":"2022-04",
    "net_sales":124515550.5,
    "gross_sales":131073127.0799999982,
    "returns":190686.93,
    "quantity":1566274,
    "active_operators":4639,
    "active_distributors":13,
    "products_sold":87
  },
  {
    "month":"2022-05",
    "net_sales":95246976.799999997,
    "gross_sales":100525730.5300000012,
    "returns":152202.12,
    "quantity":1198609,
    "active_operators":4166,
    "active_distributors":13,
    "products_sold":87
  },
  {
    "month":"2022-06",
    "net_sales":113802250.1200000048,
    "gross_sales":120215246.900000006,
    "returns":177798.63,
    "quantity":1434764,
    "active_operators":4396,
    "active_distributors":13,
    "products_sold":87
  },
  {
    "month":"2022-07",
    "net_sales":144459480.9300000072,
    "gross_sales":152762721.2599999905,
    "returns":223423.07,
    "quantity":1820241,
    "active_operators":4629,
    "active_distributors":13,
    "products_sold":87
  },
  {
    "month":"2022-08",
    "net_sales":117417634.7800000012,
    "gross_sales":124006011.1299999952,
    "returns":187028.54,
    "quantity":1473734,
    "active_operators":4456,
    "active_distributors":13,
    "products_sold":87
  },
  {
    "month":"2022-09",
    "net_sales":102993319.349999994,
    "gross_sales":108441596.7699999958,
    "returns":162342.43,
    "quantity":1289555,
    "active_operators":4371,
    "active_distributors":13,
    "products_sold":87
  },
  {
    "month":"2022-10",
    "net_sales":105393306.7099999934,
    "gross_sales":111035948.6700000018,
    "returns":166362.37,
    "quantity":1323386,
    "active_operators":4365,
    "active_distributors":13,
    "products_sold":87
  },
  {
    "month":"2022-11",
    "net_sales":133425171.2600000054,
    "gross_sales":140982584.8100000024,
    "returns":211900.11,
    "quantity":1682816,
    "active_operators":4575,
    "active_distributors":13,
    "products_sold":87
  },
  {
    "month":"2022-12",
    "net_sales":141894312.4799999893,
    "gross_sales":150223218.1599999964,
    "returns":226284.67,
    "quantity":1794203,
    "active_operators":4543,
    "active_distributors":13,
    "products_sold":87
  },
  {
    "month":"2023-01",
    "net_sales":93103373.5699999928,
    "gross_sales":97805446.0900000036,
    "returns":149568.78,
    "quantity":1163622,
    "active_operators":4353,
    "active_distributors":13,
    "products_sold":87
  },
  {
    "month":"2023-02",
    "net_sales":103782167.0600000024,
    "gross_sales":109292531.4099999964,
    "returns":158852.06,
    "quantity":1303664,
    "active_operators":4414,
    "active_distributors":13,
    "products_sold":87
  },
  {
    "month":"2023-03",
    "net_sales":98542685.9200000018,
    "gross_sales":103910413.0199999958,
    "returns":159807.21,
    "quantity":1240540,
    "active_operators":4235,
    "active_distributors":13,
    "products_sold":87
  },
  {
    "month":"2023-04",
    "net_sales":128414760.650000006,
    "gross_sales":135623642.7599999905,
    "returns":210402.66,
    "quantity":1619980,
    "active_operators":4504,
    "active_distributors":13,
    "products_sold":87
  },
  {
    "month":"2023-05",
    "net_sales":110657150.8900000006,
    "gross_sales":117053403.7800000012,
    "returns":181299.49,
    "quantity":1393764,
    "active_operators":4288,
    "active_distributors":13,
    "products_sold":87
  },
  {
    "month":"2023-06",
    "net_sales":100807909.2399999946,
    "gross_sales":106817632.0699999928,
    "returns":164822.37,
    "quantity":1271350,
    "active_operators":3979,
    "active_distributors":13,
    "products_sold":87
  },
  {
    "month":"2023-07",
    "net_sales":144550027.4600000083,
    "gross_sales":153196218.0099999905,
    "returns":228722.05,
    "quantity":1833675,
    "active_operators":4481,
    "active_distributors":13,
    "products_sold":87
  },
  {
    "month":"2023-08",
    "net_sales":100852133.2300000042,
    "gross_sales":106754670.7300000042,
    "returns":157777.93,
    "quantity":1274901,
    "active_operators":4001,
    "active_distributors":13,
    "products_sold":87
  },
  {
    "month":"2023-09",
    "net_sales":142896776.849999994,
    "gross_sales":150943473.1299999952,
    "returns":222288.81,
    "quantity":1801094,
    "active_operators":4673,
    "active_distributors":13,
    "products_sold":87
  },
  {
    "month":"2023-10",
    "net_sales":123784788.3599999994,
    "gross_sales":130731762.099999994,
    "returns":197797.92,
    "quantity":1553256,
    "active_operators":4553,
    "active_distributors":13,
    "products_sold":87
  },
  {
    "month":"2023-11",
    "net_sales":124439568.6200000048,
    "gross_sales":131968051.150000006,
    "returns":205409.22,
    "quantity":1573995,
    "active_operators":4325,
    "active_distributors":13,
    "products_sold":87
  },
  {
    "month":"2023-12",
    "net_sales":168426559.650000006,
    "gross_sales":178672942.5600000024,
    "returns":276711.32,
    "quantity":2128192,
    "active_operators":4633,
    "active_distributors":13,
    "products_sold":87
  },
  {
    "month":"2024-01",
    "net_sales":103860518.1099999994,
    "gross_sales":109344230.4699999988,
    "returns":166411.69,
    "quantity":1305422,
    "active_operators":4429,
    "active_distributors":13,
    "products_sold":87
  },
  {
    "month":"2024-02",
    "net_sales":111369652.6200000048,
    "gross_sales":117572578.0199999958,
    "returns":174946.22,
    "quantity":1400554,
    "active_operators":4399,
    "active_distributors":13,
    "products_sold":87
  },
  {
    "month":"2024-03",
    "net_sales":151934509.7400000095,
    "gross_sales":160615659.7899999917,
    "returns":238713.08,
    "quantity":1911246,
    "active_operators":4690,
    "active_distributors":13,
    "products_sold":87
  },
  {
    "month":"2024-04",
    "net_sales":131900919.0600000024,
    "gross_sales":139734672.7400000095,
    "returns":202257.16,
    "quantity":1662147,
    "active_operators":4521,
    "active_distributors":13,
    "products_sold":87
  },
  {
    "month":"2024-05",
    "net_sales":138721864.7599999905,
    "gross_sales":147065702.8300000131,
    "returns":216680.97,
    "quantity":1753765,
    "active_operators":4503,
    "active_distributors":13,
    "products_sold":87
  },
  {
    "month":"2024-06",
    "net_sales":161358133.9499999881,
    "gross_sales":171025796.0800000131,
    "returns":250254.27,
    "quantity":2039605,
    "active_operators":4572,
    "active_distributors":13,
    "products_sold":87
  },
  {
    "month":"2024-07",
    "net_sales":159243264.6399999857,
    "gross_sales":169064219.7100000083,
    "returns":253743.84,
    "quantity":2017598,
    "active_operators":4589,
    "active_distributors":13,
    "products_sold":87
  },
  {
    "month":"2024-08",
    "net_sales":144910061.4499999881,
    "gross_sales":153515197.349999994,
    "returns":226560.77,
    "quantity":1832164,
    "active_operators":4470,
    "active_distributors":13,
    "products_sold":87
  },
  {
    "month":"2024-09",
    "net_sales":111962542.0600000024,
    "gross_sales":118591825.0799999982,
    "returns":177267.44,
    "quantity":1413765,
    "active_operators":4245,
    "active_distributors":13,
    "products_sold":87
  },
  {
    "month":"2024-10",
    "net_sales":112136069.0600000024,
    "gross_sales":118636543.6899999976,
    "returns":176990.4,
    "quantity":1418503,
    "active_operators":4283,
    "active_distributors":13,
    "products_sold":87
  },
  {
    "month":"2024-11",
    "net_sales":148303229.5800000131,
    "gross_sales":157387388.1800000072,
    "returns":235032.24,
    "quantity":1875216,
    "active_operators":4428,
    "active_distributors":13,
    "products_sold":87
  },
  {
    "month":"2024-12",
    "net_sales":145499504.6399999857,
    "gross_sales":154725100.8400000036,
    "returns":245835.95,
    "quantity":1840059,
    "active_operators":4379,
    "active_distributors":13,
    "products_sold":87
  },
  {
    "month":"2025-01",
    "net_sales":105100837.0799999982,
    "gross_sales":110923122.5400000066,
    "returns":165773.17,
    "quantity":1324721,
    "active_operators":4303,
    "active_distributors":13,
    "products_sold":87
  },
  {
    "month":"2025-02",
    "net_sales":118511715.1099999994,
    "gross_sales":125385929.7900000066,
    "returns":190193.46,
    "quantity":1494574,
    "active_operators":4441,
    "active_distributors":13,
    "products_sold":87
  },
  {
    "month":"2025-03",
    "net_sales":140130237.5399999917,
    "gross_sales":148335170.7299999893,
    "returns":218010.82,
    "quantity":1770046,
    "active_operators":4525,
    "active_distributors":13,
    "products_sold":87
  },
  {
    "month":"2025-04",
    "net_sales":109074542.7199999988,
    "gross_sales":115666800.2099999934,
    "returns":169471.41,
    "quantity":1375464,
    "active_operators":4073,
    "active_distributors":13,
    "products_sold":87
  },
  {
    "month":"2025-05",
    "net_sales":154620728.3600000143,
    "gross_sales":164104735.0300000012,
    "returns":245121.29,
    "quantity":1953096,
    "active_operators":4528,
    "active_distributors":13,
    "products_sold":87
  },
  {
    "month":"2025-06",
    "net_sales":141846524.6699999869,
    "gross_sales":150806187.8799999952,
    "returns":234695.06,
    "quantity":1803089,
    "active_operators":4351,
    "active_distributors":13,
    "products_sold":87
  },
  {
    "month":"2025-07",
    "net_sales":152101770.8100000024,
    "gross_sales":161619020.3300000131,
    "returns":247274.72,
    "quantity":1923592,
    "active_operators":4453,
    "active_distributors":13,
    "products_sold":87
  },
  {
    "month":"2025-08",
    "net_sales":176117914.1200000048,
    "gross_sales":187142182.0399999917,
    "returns":290824.68,
    "quantity":2228812,
    "active_operators":4640,
    "active_distributors":13,
    "products_sold":87
  },
  {
    "month":"2025-09",
    "net_sales":119401153.1099999994,
    "gross_sales":126557347.0699999928,
    "returns":194084.07,
    "quantity":1507886,
    "active_operators":4230,
    "active_distributors":13,
    "products_sold":87
  },
  {
    "month":"2025-10",
    "net_sales":127134307.9599999934,
    "gross_sales":134748110.3799999952,
    "returns":200068.37,
    "quantity":1607062,
    "active_operators":4357,
    "active_distributors":13,
    "products_sold":87
  },
  {
    "month":"2025-11",
    "net_sales":162884476.5800000131,
    "gross_sales":172977388.099999994,
    "returns":259446.76,
    "quantity":2060962,
    "active_operators":4509,
    "active_distributors":13,
    "products_sold":87
  },
  {
    "month":"2025-12",
    "net_sales":146137829.3899999857,
    "gross_sales":155595405.8100000024,
    "returns":231852.68,
    "quantity":1856641,
    "active_operators":4326,
    "active_distributors":13,
    "products_sold":87
  }
]